@inproceedings{FJ65,
  author =       "K. Ferber and H. Juergensen",
  title =        "A Programme for Drawing a Lattice",
  booktitle =    "Computational Problems in Abstract Algebra",
  editor =       "J. Leech",
  year =         1970,
  pages =        "83--86",                                                    
}                                                                               
                                                                                
@inproceedings{HR91,
  author =       "Derek F. Holt and Sarah Rees",
  title =        "A Graphics System for Displaying Finite Quotients of Finitely Presented Groups",
  booktitle =    "Groups and Computation",
  editor =       "L. Finkelstei,  W. M. Kantor",
  year =         "1991",
  notes =        "DIMACS",
  pages =        "113--126"
}

@mastersthesis{SK95,
  author       = "Susanne Keitemeier",
  title        = "Graphische Darstellung von Untergruppendiagrammen im Computeralgebraprogramm GAP",
  type         = "Diplomarbeit",
  year         = "1995",
  school       = RWTHLDfM,
  address      = RWTH-A,
}                                                                               


